<record><leader>00000cas a22000007a 4500</leader><controlfield tag="001">20176874</controlfield><controlfield tag="008">890814d19071921nduwr ne      0    0eng d</controlfield><datafield ind1=" " ind2=" " tag="010"><subfield code="a">sn 88076480 </subfield></datafield><datafield ind1=" " ind2=" " tag="040"><subfield code="a">NOP</subfield><subfield code="b">eng</subfield><subfield code="c">NOP</subfield><subfield code="d">OCLCQ</subfield></datafield><datafield ind1=" " ind2=" " tag="042"><subfield code="a">msc</subfield></datafield><datafield ind1="0" ind2=" " tag="130"><subfield code="a">Globe-gazette (Wahpeton, N.D.)</subfield></datafield><datafield ind1="1" ind2="4" tag="245"><subfield code="a">The Globe-gazette.</subfield></datafield><datafield ind1=" " ind2=" " tag="260"><subfield code="a">Wahpeton, N.D. :</subfield><subfield code="b">Globe-Gazette Print. Co.</subfield></datafield><datafield ind1=" " ind2=" " tag="300"><subfield code="a">14 v. :</subfield><subfield code="b">ill. ;</subfield><subfield code="c">44-65 cm.</subfield></datafield><datafield ind1=" " ind2=" " tag="310"><subfield code="a">Weekly</subfield></datafield><datafield ind1="0" ind2=" " tag="362"><subfield code="a">Vol. 29, no. 23 (June 6, 1907)-v. 43, no. 37 (Sept. 15, 1921).</subfield></datafield><datafield ind1=" " ind2=" " tag="500"><subfield code="a">"Official County and City Newspaper", 1921.</subfield></datafield><datafield ind1=" " ind2=" " tag="530"><subfield code="a">Available on microfilm from the State Historical Society of North Dakota.</subfield></datafield><datafield ind1=" " ind2=" " tag="752"><subfield code="a">United States</subfield><subfield code="b">North Dakota</subfield><subfield code="c">Richland</subfield><subfield code="d">Wahpeton.</subfield></datafield><datafield ind1="0" ind2="4" tag="780"><subfield code="t">Wahpeton globe (Wahpeton, N.D. : 1899)</subfield><subfield code="w">(DLC)sn 88076476</subfield></datafield><datafield ind1="0" ind2="4" tag="780"><subfield code="t">Wahpeton gazette</subfield><subfield code="w">(DLC)sn 88076479</subfield></datafield><datafield ind1="0" ind2="0" tag="785"><subfield code="t">Wahpeton globe (Wahpeton, N.D. : 1921)</subfield><subfield code="w">(DLC)sn 88076481</subfield></datafield></record>